<collection xmlns="http://www.loc.gov/MARC21/slim">
<record>
  <leader>01343nam0a22002771i 450 </leader>
  <controlfield tag="001">IT\ICCU\CNCE\020714</controlfield>
  <controlfield tag="005">20090901000000.0</controlfield>
  <datafield tag="012" ind1=" " ind2=" ">
    <subfield code="a">t.s. o,s. t.r: PrCI (3) 1573 (A)</subfield>
    <subfield code="2">fei</subfield>
    <subfield code="9">1</subfield>
  </datafield>
  <datafield tag="012" ind1=" " ind2=" ">
    <subfield code="a">r.e. isi. e.e, CoSe (3) 1573 (Q)</subfield>
    <subfield code="2">fei</subfield>
    <subfield code="9">2</subfield>
  </datafield>
  <datafield tag="100" ind1=" " ind2=" ">
    <subfield code="a">19970101d1573        0itac0103    ba</subfield>
  </datafield>
  <datafield tag="101" ind1=" " ind2=" ">
    <subfield code="a">LAT</subfield>
  </datafield>
  <datafield tag="102" ind1=" " ind2=" ">
    <subfield code="a">IT</subfield>
  </datafield>
  <datafield tag="200" ind1="1" ind2=" ">
    <subfield code="a">℗Rodomontis Germoni Sallensis marchionatus Ceuae philosophiae medicinaeque studiosi, ac in iisdem facultatibus nationis Pedemontanae consiliarii ℗Carmen de Academia Taurinensi</subfield>
  </datafield>
  <datafield tag="210" ind1=" " ind2=" ">
    <subfield code="a">Taurini</subfield>
    <subfield code="c">apud Franciscum Dulcem</subfield>
    <subfield code="d">et socios</subfield>
    <subfield code="d">1573</subfield>
  </datafield>
  <datafield tag="215" ind1=" " ind2=" ">
    <subfield code="a">2 pt.</subfield>
    <subfield code="d">4ʻ</subfield>
  </datafield>
  <datafield tag="300" ind1=" " ind2=" ">
    <subfield code="a">2: Anastasii Germoni ... De Academia Taurinensi carmen ac carmina diuersi generis</subfield>
  </datafield>
  <datafield tag="423" ind1=" " ind2="0">
    <subfield code="1">001IT\ICCU\CNCE\073313</subfield>
    <subfield code="1">2001 </subfield>
    <subfield code="a">℗Anastasii Germoni ... ℗De Academia Taurinensi carmen ac carmina diuersi generis</subfield>
  </datafield>
  <datafield tag="620" ind1=" " ind2=" ">
    <subfield code="a">IT</subfield>
    <subfield code="d">Torino</subfield>
  </datafield>
  <datafield tag="700" ind1=" " ind2="1">
    <subfield code="a">Germonio,</subfield>
    <subfield code="b">Rodomonte</subfield>
    <subfield code="3">IT\ICCU\CNCA\005975</subfield>
  </datafield>
  <datafield tag="702" ind1=" " ind2="1">
    <subfield code="a">Germonio,</subfield>
    <subfield code="b">Anastasio</subfield>
    <subfield code="3">IT\ICCU\CNCA\005674</subfield>
  </datafield>
  <datafield tag="712" ind1="0" ind2="0">
    <subfield code="a">Dolce, Francesco &amp; C.</subfield>
    <subfield code="3">IT\ICCU\CNCT\002859</subfield>
    <subfield code="4">650</subfield>
  </datafield>
  <datafield tag="790" ind1=" " ind2="1">
    <subfield code="a">Germonius,</subfield>
    <subfield code="b">Rodomons</subfield>
    <subfield code="3">IT\ICCU\CNCA\019836</subfield>
    <subfield code="z">Germonio, Rodomonte</subfield>
  </datafield>
  <datafield tag="790" ind1=" " ind2="1">
    <subfield code="a">Germoni,</subfield>
    <subfield code="b">Anastasio</subfield>
    <subfield code="3">IT\ICCU\CNCA\019479</subfield>
    <subfield code="z">Germonio, Anastasio</subfield>
  </datafield>
  <datafield tag="790" ind1=" " ind2="1">
    <subfield code="a">Germonius,</subfield>
    <subfield code="b">Anastasius</subfield>
    <subfield code="3">IT\ICCU\CNCA\019765</subfield>
    <subfield code="z">Germonio, Anastasio</subfield>
  </datafield>
  <datafield tag="801" ind1=" " ind2="3">
    <subfield code="a">IT</subfield>
    <subfield code="b">ICCU</subfield>
    <subfield code="c">20201114</subfield>
  </datafield>
  <datafield tag="899" ind1=" " ind2=" ">
    <subfield code="a">Biblioteca Reale. Torino</subfield>
    <subfield code="1">TO0263</subfield>
    <subfield code="2">TO0 07</subfield>
  </datafield>
</record>
</collection>
